@inproceedings {lee2016segmentation,
  title = {Segmentação de células cervicais sobrepostas em imagens microscópicas
  com partição de superpixel e refinamento do contorno da célula},
  author = {Lee, Hansang e Kim, Junmo},
  booktitle = {Anais da conferência IEEE sobre visão computacional e workshops de reconhecimento de padrões},
  pages = {63--69},
  year = {2016}
}

@article{matias2021localizaccao,
  title={Localização de Núcleos Celulares em Citologia Oral usando Métodos de Deep Learning},
  author={Matias, André Victória and Cerentini, Allan and Macarini, Luiz Antonio Buschetto and Amorim, João Gustavo Atkinson and        Pereira, Ricardo and Daltoé, Felipe Perozzo and Von Wangenheim, Aldo},
  journal={Journal of Health Informatics},
  edition={12th},
  year={2021}
}

@article{braz2018detecccao,
  title={Detecção de núcleos em células cervicais utilizando Deep Learning},
  author={Braz, Eliezer Farrant and others},
  year={2018},
  publisher={[sn]}
}

@article{silva2018detecccao,
  title={Detecção automática de células cervicais com base em atributos radiais},
  author={Silva, Romuere Rodrigues Veloso},
  year={2018}
}

@inproceedings{ramalho2015cell,
  title={Cell reconstruction under voronoi and enclosing ellipses from 3d microscopy},
  author={Ramalho, Geraldo LB and Ferreira, Daniel S and Bianchi, 
  AG and Carneiro, Claudia M and Medeiros, FN and Ushizima, Daniela M},
  booktitle={IEEE International Symposium on Biomedical Imaging (ISBI)},
  year={2015}
}

@Book{knuth:84,
  author = 	 {Donald E. Knuth},
  title = 	 {The {\TeX} Book},
  publisher = 	 {Addison-Wesley},
  year = 	 {1984},
  edition = 	 {15th}
}

@InCollection{boulic:91,
  author = 	 {R. Boulic and O. Renault},
  title = 	 {3D Hierarchies for Animation},
  booktitle = 	 {New Trends in Animation and Visualization},
  publisher =    {John Wiley {\&} Sons ltd.},
  year = 	 {1991},
  editor = 	 {Nadia Magnenat-Thalmann and Daniel Thalmann}
}

@InCollection{smith:99,
  author = 	 {A. Smith and B. Jones},
  title = 	 {On the Complexity of Computing},
  booktitle = 	 {Advances in Computer Science},
  pages = 	 {555--566},
  publisher =    {Publishing Press},
  year = 	 {1999},
  editor = 	 {A. B. Smith-Jones}
}
